@article{steedman2011combinatory,
  title={Combinatory categorial grammar},
  author={Steedman, Mark and Baldridge, Jason},
  journal={Non-Transformational Syntax: Formal and Explicit Models of Grammar. Wiley-Blackwell},
  year={2011}
}